<record><leader>00000cas a22000007a 4500</leader><controlfield tag="001">21219283</controlfield><controlfield tag="008">900315d18921904nyuwr ne      0    0eng d</controlfield><datafield ind1=" " ind2=" " tag="010"><subfield code="a">sn 90066019 </subfield></datafield><datafield ind1=" " ind2=" " tag="040"><subfield code="a">NYS</subfield><subfield code="b">eng</subfield><subfield code="c">NYS</subfield><subfield code="d">OCLCQ</subfield></datafield><datafield ind1=" " ind2=" " tag="042"><subfield code="a">msc</subfield></datafield><datafield ind1="0" ind2="4" tag="245"><subfield code="a">The Farmer review.</subfield></datafield><datafield ind1=" " ind2=" " tag="260"><subfield code="a">Farmer, Seneca Co., N.Y. :</subfield><subfield code="b">T.P. Hause</subfield></datafield><datafield ind1=" " ind2=" " tag="300"><subfield code="a">v.</subfield></datafield><datafield ind1=" " ind2=" " tag="310"><subfield code="a">Weekly</subfield></datafield><datafield ind1="0" ind2=" " tag="362"><subfield code="a">Vol. 5, no. 50 (July 2, 1892)-v. 17, no. 49 (June 24, 1904).</subfield></datafield><datafield ind1=" " ind2=" " tag="500"><subfield code="a">Farmer became Interlaken in 1904.</subfield></datafield><datafield ind1=" " ind2="4" tag="651"><subfield code="a">Interlaken (N.Y.)</subfield><subfield code="v">Newspapers.</subfield></datafield><datafield ind1=" " ind2=" " tag="752"><subfield code="a">United States</subfield><subfield code="b">New York</subfield><subfield code="c">Seneca</subfield><subfield code="d">Farmer.</subfield></datafield><datafield ind1=" " ind2=" " tag="752"><subfield code="a">United States</subfield><subfield code="b">New York</subfield><subfield code="c">Seneca</subfield><subfield code="d">Interlaken.</subfield></datafield><datafield ind1="0" ind2="0" tag="780"><subfield code="t">Farmer Village review</subfield><subfield code="w">(DLC)sn 90066018</subfield><subfield code="w">(OCoLC)21219211</subfield></datafield><datafield ind1="0" ind2="0" tag="785"><subfield code="t">Interlaken review (Interlaken, N.Y. : 1904)</subfield><subfield code="w">(DLC)sn 88074671</subfield></datafield><datafield ind1="1" ind2=" " tag="029"><subfield code="a">AU@</subfield><subfield code="b">000020587844</subfield></datafield></record>